@article{king2016bayesian,
  title={Bayesian morphological clock methods resurrect placoderm monophyly and reveal rapid early evolution in jawed vertebrates},
  author={King, Benedict and Qiao, Tuo and Lee, Michael SY and Zhu, Min and Long, John A},
  journal={Systematic biology},
  pages={syw107},
  year={2016},
  publisher={Oxford University Press}
}
